@article{jain2007steffensen,
  title={Steffensen type methods for solving non-linear equations},
  author={Jain, Pankaj},
  journal={Applied Mathematics and Computation},
  volume={194},
  number={2},
  pages={527--533},
  year={2007},
  publisher={Elsevier}
}

@article{gutierrez1997family,
  title={A family of Chebyshev-Halley type methods in Banach spaces},
  author={Gutierrez, Jose Manuel and Hern{\'a}ndez, Miguel A},
  journal={Bulletin of the Australian Mathematical Society},
  volume={55},
  number={1},
  pages={113--130},
  year={1997},
  publisher={Cambridge University Press}
}

@article{chun2007some,
  title={Some second-derivative-free variants of Chebyshev--Halley methods},
  author={Chun, Changbum},
  journal={Applied Mathematics and Computation},
  volume={191},
  number={2},
  pages={410--414},
  year={2007},
  publisher={Elsevier}
}

@article{kou2006modified,
  title={Modified Halleyâ€™s method free from second derivative},
  author={Kou, Jisheng and Li, Yitian and Wang, Xiuhua},
  journal={Applied Mathematics and Computation},
  volume={183},
  number={1},
  pages={704--708},
  year={2006},
  publisher={Elsevier}
}

@article{grau2006improvement,
  title={An improvement to Ostrowski root-finding method},
  author={Grau, Miquel and D{\'\i}az-Barrero, Jos{\'e} Luis},
  journal={Applied Mathematics and Computation},
  volume={173},
  number={1},
  pages={450--456},
  year={2006},
  publisher={Elsevier}
}

@article{householder1967solution,
  title={Solution of Equations and Systems of Equations (AM Ostrowski)},
  author={Householder, AS},
  journal={SIAM Review},
  volume={9},
  number={3},
  pages={608},
  year={1967},
  publisher={Society for Industrial and Applied Mathematics}
}

@article{soleymani2011new,
  title={New third-and sixth-order derivative-free techniques for nonlinear equations},
  author={Soleymani, F and Hosseinabadi, V},
  journal={Journal of Mathematics Research},
  volume={3},
  number={2},
  pages={107},
  year={2011},
  publisher={Canadian Center of Science and Education}
}

@article{neta1979sixth,
  title={A sixth-order family of methods for nonlinear equations},
  author={Neta, Beny},
  journal={Int. J. Comput. Math},
  volume={7},
  number={1997},
  pages={157--161},
  year={1979}
}

@article{chun2012new,
  title={A new sixth-order scheme for nonlinear equations},
  author={Chun, Changbum and Neta, Beny},
  journal={Applied mathematics letters},
  volume={25},
  number={2},
  pages={185--189},
  year={2012},
  publisher={Elsevier}
}

@article{solaiman2019two,
  title={Two new efficient sixth order iterative methods for solving nonlinear equations},
  author={Solaiman, Obadah Said and Hashim, Ishak},
  journal={Journal of King Saud University-Science},
  volume={31},
  number={4},
  pages={701--705},
  year={2019},
  publisher={Elsevier}
}

@article{narang2016new,
  title={New two-parameter Chebyshev--Halley-like family of fourth and sixth-order methods for systems of nonlinear equations},
  author={Narang, Mona and Bhatia, Saurabh and Kanwar, Vinay},
  journal={Applied Mathematics and Computation},
  volume={275},
  pages={394--403},
  year={2016},
  publisher={Elsevier}
}

@article{eftekhari2014new,
  title={A new sixth-order Steffensen-type iterative method for solving nonlinear equations},
  author={Eftekhari, Tahereh},
  journal={International Journal of Analysis},
  volume={2014},
  year={2014},
  publisher={Hindawi}
}

@book{househol1967ostrowski,
  title={Solutions of equations and system of equations},
  author={Ostrowski, A.M.},
  year={1960},
  publisher={Academic Press}
}

